<?xml version="1.0" encoding="UTF-8"?><collection xmlns="http://www.loc.gov/MARC21/slim"><record><leader>00444nam--2200133-i-4500</leader><controlfield tag="001">000010889</controlfield><controlfield tag="002">20161230</controlfield><controlfield tag="005">20161230201029</controlfield><controlfield tag="008">060222s1000------------r-----000-0-eng-d</controlfield><datafield ind1=" " ind2=" " tag="080"><subfield code="a">612.43(043)</subfield></datafield><datafield ind1=" " ind2=" " tag="100"><subfield code="a">Boilot, Jean-claude</subfield></datafield><datafield ind1=" " ind2=" " tag="245"><subfield code="a">Analyse conformationnelle de l`ormone hypothal amique trf par resonance magnetique nucleaire et spectroscoie de vibration. these</subfield></datafield><datafield ind1=" " ind2=" " tag="260"><subfield code="a">Bordeaux, L`Universite De Bordeaux I, 1972. 4 P</subfield></datafield><datafield ind1=" " ind2=" " tag="852"><subfield code="a">40314</subfield></datafield></record></collection>